
@book{okrent_land_2009,
	location = {New York},
	title = {In the land of invented languages Esperanto rock stars, Klingon poets, Loglan lovers, and the mad dreamers who tried to build a perfect language},
	isbn = {978-0-385-52971-6},
	shorttitle = {In the land of invented languages},
	abstract = {Okrent tells the fascinating and highly entertaining history of man's enduring quest to build a better language. Peopled with charming eccentrics and exasperating megalomaniacs, the land of invented languages is a place where you can recite the Lord's Prayer in John Wilkins's Philosophical Language, say your wedding vows in Loglan, and read "Alice's Adventures in Wonderland" in Lojban--not to mention Babm, Blissymbolics, and the nearly nine hundred other invented languages featured in this language-lover's book.},
	publisher = {Spiegel \& Grau},
	author = {Okrent, Arika},
	urldate = {2016-04-08},
	date = {2009}
}

@article{vanhoutte_introduction_2004,
	title = {An Introduction to the {TEI} and the {TEI} Consortium},
	volume = {19},
	issn = {0268-1145},
	url = {https://academic.oup.com/dsh/article/19/1/9/928389},
	doi = {10.1093/llc/19.1.9},
	abstract = {Abstract.  For the benefit of the readers and the authors of this special issue on electronic scholarly editing, this short article introduces the Text Encoding},
	pages = {9--16},
	number = {1},
	journaltitle = {Literary and Linguistic Computing},
	shortjournal = {Lit Linguist Computing},
	author = {Vanhoutte, Edward},
	urldate = {2019-01-23},
	date = {2004-04-01},
	langid = {english},
	file = {Snapshot:/Users/alexishuchelmann/Zotero/storage/AGZNLUJJ/928389.html:text/html}
}

@online{camps_tei_nodate,
	title = {{TEI}, {LaTeX} et les éditions critiques sur papier : I. Les différents packages},
	url = {https://graal.hypotheses.org/484},
	shorttitle = {{TEI}, {LaTeX} et les éditions critiques sur papier},
	abstract = {En matière d’édition critique électronique, la norme qui semble aujourd’hui s’imposer suppose l’emploi du {XML} {TEI}. Mais, pour la version papier de cette même édition — on peut après tout souhaiter disposer également d’une version papier, ne serait-ce que parce que … Continuer la lecture →},
	titleaddon = {Sacré Gr@@l},
	type = {Billet},
	author = {Camps, Jean-Baptiste},
	urldate = {2019-01-23},
	langid = {french},
	file = {Snapshot:/Users/alexishuchelmann/Zotero/storage/HVR5JBVF/484.html:text/html}
}

@article{delmotte_publications_2009,
	title = {Publications scientifiques en sciences humaines},
	volume = {Vol. 5},
	issn = {1622-1494},
	url = {https://www.cairn.info/revue-les-cahiers-du-numerique-2009-2-page-53.htm},
	pages = {53--84},
	number = {2},
	journaltitle = {Les Cahiers du numerique},
	author = {Delmotte, Stéphanie},
	urldate = {2019-01-23},
	date = {2009},
	langid = {french},
	file = {Full Text PDF:/Users/alexishuchelmann/Zotero/storage/JS6LTGHW/Delmotte - 2009 - Publications scientifiques en sciences humaines.pdf:application/pdf;Snapshot:/Users/alexishuchelmann/Zotero/storage/BE49ERT6/revue-les-cahiers-du-numerique-2009-2-page-53.html:text/html}
}

@book{lebert_projet_2010,
	title = {Le Projet Gutenberg (1971-2009)},
	url = {http://www.gutenberg.org/cache/epub/31634/pg31634-images.html},
	abstract = {Le premier livre numérique date de juillet 1971. Il s'agit du {eText} \#1 du Projet Gutenberg, un projet visionnaire lancé par Michael Hart pour créer des versions électroniques d'oeuvres littéraires et les diffuser dans le monde entier. Au 16e siècle, Gutenberg avait permis à chacun d'avoir des livres imprimés pour un prix relativement modique. Au 21e siècle, le Projet Gutenberg permettrait à chacun d'avoir une bibliothèque numérique gratuite. Ce projet trouve un second souffle et un rayonnement international avec l'apparition du web en 1990 puis la création de Distributed Proofreaders en 2000, pour partager la relecture des livres entre des milliers de volontaires. En 2009, le site originel du Projet Gutenberg compte 3 millions de téléchargements par mois, sans compter les téléchargements des 38 sites miroirs répartis sur toute la planète.},
	publisher = {Project Gutenberg},
	author = {Lebert, Marie},
	date = {2010},
	langid = {french}
}

@article{borges_idioma_1952,
	title = {El idioma analítico de John Wilkins},
	pages = {158--159},
	journaltitle = {Otras inquisiciones},
	author = {Borges, Jorge Luis},
	date = {1952},
	file = {Borges - 1952 - El idioma analítico de John Wilkins.pdf:/Users/alexishuchelmann/Documents/Mes textes/Linguistique/Idéolangues/Expérimentales/Borges - 1952 - El idioma analítico de John Wilkins.pdf:application/pdf}
}

@book{bleier_digital_2018,
	title = {Digital Scholarly Editions as Interfaces.},
	isbn = {978-3-7481-0925-9},
	url = {http://www.bod.de/index.php?id=296&objk_id=2544467},
	author = {Bleier, Roman and Bürgermeister, Martina and Klug, Helmut W and Neuber, Frederike and Schneider, Gerlinde},
	urldate = {2019-01-28},
	date = {2018},
	note = {{OCLC}: 1079409488}
}

@misc{pierazzo_digital_2014,
	title = {Digital Scholarly Editing: Theories, Models and Methods},
	url = {http://hal.univ-grenoble-alpes.fr/hal-01182162/document},
	shorttitle = {Digital Scholarly Editing},
	abstract = {This book provides an up-to-date, coherent and comprehensive treatment of digital scholarly editing, organized according to the typical timeline and workflow of the preparation of an edition: from the choice of the object to edit, the editorial work, post-production and publication, the use of the published edition, to long-term issues and the ultimate significance of the published work. The author also examines from a theoretical and methodological point of view the issues and problems that emerge during these stages with the application of computational techniques and methods. Building on previous publications on the topic, the book discusses the most significant developments in digital textual scholarship, claiming that the alterations in traditional editorial practices necessitated by the use of computers impose radical changes in the way we think and manage texts, documents, editions and the public. It is of interest not only to scholarly editors, but to all involved in publishing and readership in a digital environment in the humanities.},
	author = {Pierazzo, Elena},
	urldate = {2019-01-28},
	date = {2014-09-28},
	langid = {english},
	file = {Full Text PDF:/Users/alexishuchelmann/Zotero/storage/LDSDH6UE/Pierazzo - 2014 - Digital Scholarly Editing Theories, Models and Me.pdf:application/pdf;Snapshot:/Users/alexishuchelmann/Zotero/storage/VPRAM9ED/hal-01182162.html:text/html}
}

@book{shillingsburg_gutenberg_2006,
	location = {Cambridge},
	title = {From Gutenberg to Google: Electronic Representations of Literary Texts},
	isbn = {978-0-511-61794-2},
	url = {http://ebooks.cambridge.org/ref/id/CBO9780511617942},
	shorttitle = {From Gutenberg to Google},
	publisher = {Cambridge University Press},
	author = {Shillingsburg, Peter L.},
	urldate = {2019-01-28},
	date = {2006},
	doi = {10.1017/CBO9780511617942}
}

@online{patonnier_les_2011,
	title = {Les ligatures dans les navigateurs},
	url = {http://www.typographisme.net/post/Les-ligatures-dans-les-navigateurs#note7b},
	abstract = {On sait tous que les navigateurs ne sont pas les champions du monde de la gestion typographique. Ceci étant, ils s’améliorent tous les jours et parmi toutes les chipoteries},
	titleaddon = {Typographisme},
	type = {text},
	author = {Patonnier, Jérémie},
	urldate = {2019-01-29},
	date = {2011-04-06},
	langid = {french},
	file = {Snapshot:/Users/alexishuchelmann/Zotero/storage/YCPPFHZ7/Les-ligatures-dans-les-navigateurs.html:text/html}
}

@misc{burnard_tei_2012,
	title = {{TEI} Lite: Encoding for Interchange: an introduction to the {TEI} — Final revised edition for {TEI} P5},
	url = {https://tei-c.org/release/doc/tei-p5-exemplars/pdf/tei_lite.doc.pdf},
	author = {Burnard, Lou and Sperberg-{McQueen}, C M},
	urldate = {2019-09-20},
	date = {2012},
	langid = {english},
	file = {Burnard and Sperberg-McQueen - TEI Lite Encoding for Interchange an introductio.pdf:/Users/alexishuchelmann/Zotero/storage/I73QWCGQ/Burnard and Sperberg-McQueen - TEI Lite Encoding for Interchange an introductio.pdf:application/pdf}
}

@article{smith_rhyme_2017,
	title = {Rhyme and Reason in John Wilkins’s Philosophical Language Scheme},
	volume = {115},
	issn = {0026-8232},
	url = {https://www.journals.uchicago.edu/doi/full/10.1086/692809},
	doi = {10.1086/692809},
	pages = {183--212},
	number = {2},
	journaltitle = {Modern Philology},
	shortjournal = {Modern Philology},
	author = {Smith, Courtney Weiss},
	urldate = {2019-04-16},
	date = {2017-10-13},
	file = {Full Text PDF:/Users/alexishuchelmann/Zotero/storage/N3PP4VZR/Smith - 2017 - Rhyme and Reason in John Wilkins’s Philosophical L.pdf:application/pdf;Snapshot:/Users/alexishuchelmann/Zotero/storage/EB4D9AGL/692809.html:text/html}
}

@book{wilkins_essay_1668,
	title = {An Essay towards a Real Character and a Philosophical Language},
	rights = {http://creativecommons.org/publicdomain/mark/1.0/},
	url = {https://books.google.fr/books?id=Q85TAAAAcAAJ},
	abstract = {An Essay towards a Real Character, and a Philosophical Language (London, 1668) is the best-remembered of the numerous works of John Wilkins, in which he expounds a new universal language,
 meant primarily to facilitate international communication among 
scholars, but envisioned for use by diplomats, travelers, and merchants 
as well.},
	author = {Wilkins, John},
	urldate = {2019-04-16},
	date = {1668},
	keywords = {Engineered languages}
}

@book{henderson_life_2008,
	title = {The Life and Times of John Wilkins Warden of Wadham College, Oxford; Master of Trinity College, Cambridge; and Bishop of Chester},
	rights = {Public domain in the {USA}.},
	url = {http://www.gutenberg.org/ebooks/26674},
	author = {Henderson, P. A. Wright},
	urldate = {2019-09-23},
	date = {2008-09-20},
	keywords = {Bishops -- England -- Chester -- Biography, Wadham College, Wilkins, John, 1614-1672}
}

@article{huchelmann_les_2019,
	title = {Les langues construites : délimitation, historique et typologie suivies d’une illustration du processus de création d’une langue naturaliste nommée «tüchte»},
	url = {http://fiatlingua.org/2019/04/},
	shorttitle = {Les langues construites},
	abstract = {Ce mémoire présente une définition, une histoire et une classification des langues construites, ou idéolangues ; et la description de la méthode employée pour construire une langue a priori nommée tüchte, dans le but de découvrir ce que cette occupation peut apporter à la linguistique.},
	issue = {fl-00005B-00},
	journaltitle = {Fiat Lingua},
	author = {Huchelmann, Alexis},
	urldate = {2019-09-25},
	date = {2019-04-01},
	langid = {french},
	file = {Snapshot:/Users/alexishuchelmann/Zotero/storage/MNQHDS4A/» Alexis Huchelmann Fiat Lingua.html:text/html}
}

@online{noauthor_court_2018,
	title = {Court Order to Block Access from Germany},
	url = {https://cand.pglaf.org/germany/index.html},
	titleaddon = {Project Gutenberg Library Archive Foundation},
	urldate = {2019-10-07},
	date = {2018-12-30}
}

@inreference{bryden_moxon_2004,
	title = {Moxon, Joseph (1627–1691), printer and globe maker},
	url = {https://www-oxforddnb-com.scd-rproxy.u-strasbg.fr/view/10.1093/ref:odnb/9780198614128.001.0001/odnb-9780198614128-e-19466},
	booktitle = {Oxford Dictionary of National Biography},
	publisher = {Oxford University Press},
	author = {Bryden, D. J.},
	urldate = {2019-10-14},
	date = {2004-09-23},
	langid = {english},
	doi = {10.1093/ref:odnb/19466},
	file = {Snapshot:/Users/alexishuchelmann/Zotero/storage/PIEXB8UI/odnb-9780198614128-e-19466.html:text/html}
}

@online{west_rules_2006,
	title = {The Rules for Long S},
	url = {http://www.babelstone.co.uk/Blog/2006/06/rules-for-long-s.html},
	titleaddon = {{BabelStone} Blog},
	author = {West, Andrew},
	urldate = {2019-10-16},
	date = {2006-06-12}
}

@book{wilkins_essay_1668-1,
	edition = {2015},
	title = {An essay towards a real character, and a philosophical language by John Wilkins ...},
	url = {http://name.umdl.umich.edu/A66045.0001.001},
	author = {Wilkins, John},
	date = {1668}
}

@article{wittern_making_2009,
	title = {The making of {TEI} P5},
	volume = {24},
	issn = {0268-1145},
	url = {https://academic.oup.com/dsh/article/24/3/281/968658},
	doi = {10.1093/llc/fqp017},
	abstract = {The {TEI} Consortium has taken on the task of maintaining the Guidelines for Electronic Text Encoding and Interchange. This article describes how the latest major revision to these Guidelines was developed over the course of {\textgreater}6 years by the members of the {TEI} Technical Council and workgroups charged and overseen by the Council and gives background information and reasoning for the decisions taken. Among the new additions for P5, two of the most outstanding, the chapters on Names, Dates, People, and Places and on digital facsimiles are treated in some more detail. The article concludes with a brief account of the decisions made with respect to customization and conformance.},
	pages = {281--296},
	number = {3},
	journaltitle = {Literary and Linguistic Computing},
	shortjournal = {Lit Linguist Computing},
	author = {Wittern, Christian and Ciula, Arianna and Tuohy, Conal},
	urldate = {2019-10-17},
	date = {2009-09-01},
	langid = {english},
	file = {Snapshot:/Users/alexishuchelmann/Zotero/storage/KPUSWZZ3/968658.html:text/html}
}

@inreference{roberts_catchword_1982,
	location = {Washington},
	title = {Catchword},
	url = {http://cool.conservation-us.org/don/don.html},
	booktitle = {Bookbinding and the Conservation of Books. A Dictionary of Descriptive Terminology},
	publisher = {Library of Congress},
	author = {Roberts, Matt and Etherington, Don},
	urldate = {2019-10-17},
	date = {1982},
	langid = {english}
}